@misc{moscow, title={The Moscow Prioritization Method explained}, url={https://monday.com/blog/project-management/moscow-prioritization-method/}, journal={monday.com Blog}, year={2022}, month={Sep}, author={MoSCoW}}
 
@misc{compStudy, title={Comparative Study}, url={https://docs.google.com/document/d/1dI2JKKI0Ujby47pS0R-HcozTcPMqWZZo/edit?usp=sharing&ouid=116873100819572206881&rtpof=true&sd=true}}

@misc{github, title={GitHub}, url={https://github.com/}}

@misc{git, titlee=Git, url={https://git-scm.com/}}